
@unpublished{SteinmetzAre2020,
  title = {Are Agricultural Plastic Covers a Source of Microplastics in Soil? {{First}} Insights from {{Pyrolysis}}-{{GC}}/{{MS}} Method Development},
  author = {Steinmetz, Zacharias},
  date = {2020-01},
  eventtitle = {Colloquium of the {{Institute}} of {{Soil Science}}},
  venue = {{University of Hohenheim}}
}

@unpublished{SteinmetzBack2019,
  title = {Back to the Roots. Haben unsere Böden ein Plastikproblem?},
  author = {Steinmetz, Zacharias},
  date = {2019-05},
  abstract = {Gigantische Müllstrudel in den Weltmeeren, Fischmägen voller Plastikteile und tonnenweise Mikroplastik in der Schlei—Wissenschaft und Medien schauen beim Thema Plastikmüll vor allem ins Wasser. Doch wo kommen die rund 300 Mio. Tonnen jährlich weltweit neu produzierten Plastiks her und welchen Weg geht der unsachgemäß entsorgte Teil ehe er in die Weltmeere gelangt? Neben dem achtlosen Wegwerfen von Plastikmüll werden derzeit unter anderem Reifenabrieb, Klärschlamm, Kompostdünger und landwirtschaftliche Plastikfolien als mögliche Quellen für Plastik in der Umwelt diskutiert. Durch physikalische und chemische Verwitterung zerfallen größere Plastikfragmente in kleineres Mikro- vielleicht sogar Nanoplastik. Wind und Wetter verteilen sie bis in die entlegensten Gebiete. Im Boden wird Mikroplastik möglicherweise durch Regenwürmer in tiefere Erdschichten verfrachtet und in organische Bodensubstanz, den Humus, eingebaut. Altert Plastik im Boden, könnten sich Biofilme darauf bilden, wodurch die Partikel immer schwerer von ihrer natürlichen Umgebung zu unterscheiden sind. Mitunter lösen sich darüber hinaus in der Polymerstruktur enthaltene Schad- und Beistoffe und werden ins Boden- und Grundwasser ausgewaschen.
Noch aber ist unklar, wie viel Plastik in unseren Böden schlummert, wie es sich dort verhält und welchen Einfluss es auf im Boden lebende Organismen hat. Schätzungen gehen davon aus, dass allein in Europa jährlich 63.000–430.000 Tonnen Plastik in landwirtschaftliche Böden gelangen. Erste Feldstudien finden bis zu 55 mg~kg–1 oder 0.3–600 Plastikpartikel pro Kilogramm Boden. Die große Unsicherheit in diesen Daten liegt nicht zuletzt am komplexen Gefüge Boden, das eine schnelle und einfache Quantifizierung des darin enthaltenen Plastiks erschwert. Analytische Methoden befinden sich derzeit in der Entwicklung und sind noch nicht standardisiert. Besondere Beachtung verdienen hier thermoanalytische Verfahren, wie die Pyrolyse–Gaschromatographie/Massenspektrometrie, die Plastikpartikel bei Temperaturen über 600~°C zersetzt. Über die dabei entstehenden Zersetzungsprodukte kann auf die Art des Plastiks und dessen Gehalt einer Umweltprobe zurückgeschlossen werden. Aufschluss über Form, Größe und Oberflächenbeschaffenheit der Partikel geben komplementär dazu optische Verfahren, wie Infrarot- und Ramanspektroskopie. Allerdings verlangen diese meist eine aufwendige Aufreinigung der Probe.},
  eventtitle = {Fachschaftstagung Biologie/Chemie des Cusanuswerks},
  langid = {german},
  venue = {{Stuttgart Hohenheim}}
}
